%% This BibTeX bibliography file was created using BibDesk.
%% http://bibdesk.sourceforge.net/


%% Created for Oliver Erxleben at 2013-03-03 16:09:11 +0100 


%% Saved with string encoding Unicode (UTF-8) 



@url{GPM_Studie_2008,
	Date-Added = {2013-03-03 15:05:48 +0000},
	Date-Modified = {2013-03-03 15:06:06 +0000}}

@book{proj_zum_erfolg_fuehren,
	Author = {Heinz Schelle},
	Date-Added = {2013-03-03 14:55:56 +0000},
	Date-Modified = {2013-03-03 14:57:42 +0000},
	Number = {6., {\"u}berarbeitete Auflage},
	Publisher = {Beck dtv},
	Title = {Projekte zum Erfolg f{\"u}hren},
	Year = {2010}}

@webpage{chaosReportCriteria,
	Author = {S. Hagen},
	Date-Added = {2013-01-31 06:52:01 +0000},
	Date-Modified = {2013-01-31 06:54:15 +0000},
	Keywords = {Studie, Auswertung},
	Lastchecked = {31. Januar 2013},
	Month = {Januar},
	Title = {CHAOS-Report: Oft zititert, aber was steckt dahinter?},
	Url = {http://pm-blog.com/2010/01/29/chaos-report-viel-zitiert-aber-was-steckt-dahinter/},
	Year = {2010},
	Bdsk-Url-1 = {http://pm-blog.com/2010/01/29/chaos-report-viel-zitiert-aber-was-steckt-dahinter/}}

@techreport{scriptPM,
	Author = {Ralf T{\"o}njes},
	Date-Added = {2013-01-30 20:50:50 +0000},
	Date-Modified = {2013-01-30 20:51:37 +0000},
	Institution = {Hochschule Osnabr{\"u}ck},
	Title = {Projektmanagement-Skript},
	Type = {Skript},
	Year = {2006}}

@book{profPM,
	Address = {M{\"u}nchen},
	Author = {Heinz Schelle, Roland Ottmann},
	Edition = {2.},
	Title = {Professionelles Projektmanagement},
	Year = 2011}

@misc{tippsPM,
	Author = {Nicolaus von Gersdorff},
	Date-Added = {2013-01-30 20:05:27 +0000},
	Date-Modified = {2013-01-30 20:07:56 +0000},
	Howpublished = {Computerwoche: IT-Strategie},
	Read = {0},
	Title = {Tipps zum Projektmanagement},
	Url = {http://www.computerwoche.de/a/warum-das-projekt-team-versagt,2495865},
	Urldate = {30.01.2013},
	Year = {2012},
	Bdsk-Url-1 = {http://www.computerwoche.de/a/warum-das-projekt-team-versagt,2495865}}
