%% This BibTeX bibliography file was created using BibDesk.
%% http://bibdesk.sourceforge.net/


%% Created for Oliver Erxleben at 2012-12-10 19:28:52 +0100 


%% Saved with string encoding Unicode (UTF-8) 



