%% This BibTeX bibliography file was created using BibDesk.
%% http://bibdesk.sourceforge.net/


%% Created for Oliver Erxleben at 2013-01-30 21:08:01 +0100 


%% Saved with string encoding Unicode (UTF-8) 

% Books
@book{profPM,
	Author = {Heinz Schelle, Roland Ottmann},
	title = {Professionelles Projektmanagement},
	year = 2011,
	address = {MÃ¼nchen},
	edition = {2.}
}

% Misc
@misc{tippsPM,
	Author = {Nicolaus von Gersdorff},
	Date-Added = {2013-01-30 20:05:27 +0000},
	Date-Modified = {2013-01-30 20:07:56 +0000},
	Howpublished = {Computerwoche: IT-Strategie},
	Urldate = {30.01.2013},
	Read = {0},
	Title = {Tipps zum Projektmanagement},
	URL = {http://www.computerwoche.de/a/warum-das-projekt-team-versagt,2495865}
	Year = {2012}}
	
