%% This BibTeX bibliography file was created using BibDesk.
%% http://bibdesk.sourceforge.net/


%% Created for Oliver Erxleben at 2013-01-30 21:52:04 +0100 


%% Saved with string encoding Unicode (UTF-8) 



@techreport{scriptPM,
	Author = {Ralf T{\"o}njes},
	Date-Added = {2013-01-30 20:50:50 +0000},
	Date-Modified = {2013-01-30 20:51:37 +0000},
	Institution = {Hochschule Osnabr{\"u}ck},
	Title = {Projektmanagement-Skript},
	Type = {Skript},
	Year = {2006}}

@book{profPM,
	Address = {M{\"u}nchen},
	Author = {Heinz Schelle, Roland Ottmann},
	Edition = {2.},
	Title = {Professionelles Projektmanagement},
	Year = 2011}

@misc{tippsPM,
	Author = {Nicolaus von Gersdorff},
	Date-Added = {2013-01-30 20:05:27 +0000},
	Date-Modified = {2013-01-30 20:07:56 +0000},
	Howpublished = {Computerwoche: IT-Strategie},
	Read = {0},
	Title = {Tipps zum Projektmanagement},
	Url = {http://www.computerwoche.de/a/warum-das-projekt-team-versagt,2495865},
	Urldate = {30.01.2013},
	Year = {2012},
	Bdsk-Url-1 = {http://www.computerwoche.de/a/warum-das-projekt-team-versagt,2495865}}
